@book{reussner2016,
  author = {Ralf H. Reussner and Steffen Becker and Jens Happe and Robert Heinrich and Anne Koziolek and Heiko Koziolek and Max Kramer and Klaus Krogman},
  title = {Modelling and Simulating Software Architectures The Palladio Approach},
  year = {2016},
  publisher = {MIT Press},
}


@misc{vitruvius,
  title = {Vitruvius Project},
  url = {https://github.com/vitruv-tools/Vitruv/wiki}
}

@phdthesis{langhammer2017,
  author = {Michael Langhammer},
  title = {Automated Coevolution of Source Code and Software Architecture
 Models},
  year = {2017},
  school = {Karlsruher Institut für Technologie}
}

@thesis{burger2020,
  author = {Erik Burger},
  title = {Vorlesung Modellgetriebene Software-Entwicklung},
  year = {2020},
  school = {Karlsruher Institut für Technologie}
}

@mastersthesis{petersen2016,
  author = {Frederik Petersen},
  title = {Extending an Architecture and Code Co-Evolution Approach to Support Existing Software Projects},
  year = {2017},
  school = {Karlsruher Institut für Technologie}
}

@article{mazkatli2018,
  author = {Manar Mazkatli and Anne Koziolek},
  title = {Continuous Integration of Performance Model},
  year = {2018},
  publisher = {ACMPress},
}


@misc{wikiVers,
  title = {Wikipedia Versionsverwaltung},
  url = {https://de.wikipedia.org/wiki/Versionsverwaltung}
}

@misc{jgit,
  title = {JGit-Plugin},
  url = {https://www.eclipse.org/jgit/}
}

@misc{jamopp,
  title = {JaMoPP Java Model Parser and Printer},
  url = {https://www.jamopp.org/}
}

@misc{splevo,
  title = {SPLevo Software Product Line evolution},
  url = {https://sdqweb.ipd.kit.edu/wiki/SPLevo}
}

@misc{emfcompare,
  title = {EMF Compare},
  url = {https://www.eclipse.org/emf/compare/}
}


@inproceedings{gumtree,
  author    = {Jean{-}R{\'{e}}my Falleri and
               Flor{\'{e}}al Morandat and
               Xavier Blanc and
               Matias Martinez and
               Martin Monperrus},
  title     = {Fine-grained and accurate source code differencing},
  booktitle = {{ACM/IEEE} International Conference on Automated Software Engineering,
               {ASE} '14, Vasteras, Sweden - September 15 - 19, 2014},
  pages     = {313--324},
  year      = {2014},
  url       = {http://doi.acm.org/10.1145/2642937.2642982},
  doi       = {10.1145/2642937.2642982}
}


@mastersthesis{dahmane2019,
  author = {Noureddine Dahmane},
  title = {Adaptive Monitoring for Continuous Performance Model Integration},
  year = {2019},
  school = {Karlsruher Institut für Technologie}
}


@phdthesis{burger2014,
  author = {Erik Burger},
  title = {Flexible Views for View-based Model-driven Development},
  year = {2014},
  school = {Karlsruher Institut für Technologie}
}

@misc{changereplay,
  title = {Changereplay Tool},
  url = {https://sdqweb.ipd.kit.edu/wiki/Changereplay}
}

@misc{somox,
  title = {SoMoX Software Model Extractor},
  url = {https://sdqweb.ipd.kit.edu/wiki/SoMoX}
}


@article{mazkatli2020,
  author = {Manar Mazkatli and David Monschein and Johannes Grohmann and Anne Koziolek},
  title = {Incremental Calibration of Architectural Performance Models with Parametric Dependencies},
  year = {2020},
  publisher = {unknown},
}

@article{leonhardt2015,
  author = {Sven Leonhardt and Benjamin Hettwer and Johannes Hoor and Michael Langhammer},
  title = {Integration of Existing Software Artifacts into a View- and
Change-Driven Development Approach},
  year = {2015},
  publisher = {MORSE/-
VAO Workshop on Model-Driven Robot Software
Engineering and View-based Software-Engineering},
}







