@book{reussner2016,
  author = {Ralf H. Reussner and Steffen Becker and Jens Happe and Robert Heinrich and Anne Koziolek and Heiko Koziolek and Max Kramer and Klaus Krogman},
  title = {Modelling and Simulating Software Architectures The Palladio Approach},
  year = {2016},
  publisher = {MIT Press},
}


@book{jaccard,
author = {Eckey, Hans-Friedrich and Kosfeld, Reinhold and Rengers, Martina},
year = {2002},
month = {01},
pages = {},
title = {Multivariate Statistik},
doi = {10.1007/978-3-322-84476-7}
}

@misc{vitruvius,
  title = {Vitruvius Project},
  url = {https://github.com/vitruv-tools/Vitruv/wiki}
}


@misc{wikiCodeInstrumentierung,
  title = {Wikipedia Code-Instrumentierung},
  url = {https://de.wikipedia.org/wiki/Instrumentierung_(Softwareentwicklung)}
}

@misc{emfCompareDevGuide,
  title = {EMF Compare Developer Guide},
  url = {https://www.eclipse.org/emf/compare/documentation/latest/developer/developer-guide.html#Default_Behavior_and_Extensibility}
}



@phdthesis{langhammer2017,
  author = {Michael Langhammer},
  title = {Automated Coevolution of Source Code and Software Architecture
 Models},
  year = {2017},
  school = {Karlsruher Institut für Technologie}
}

@thesis{burger2020,
  author = {Erik Burger},
  title = {Vorlesung Modellgetriebene Software-Entwicklung},
  year = {2020},
  school = {Karlsruher Institut für Technologie}
}

@mastersthesis{petersen2016,
  author = {Frederik Petersen},
  title = {Extending an Architecture and Code Co-Evolution Approach to Support Existing Software Projects},
  year = {2017},
  school = {Karlsruher Institut für Technologie}
}

@article{mazkatli2018,
  author = {Manar Mazkatli and Anne Koziolek},
  title = {Continuous Integration of Performance Model},
  year = {2018},
  publisher = {ACMPress},
}


@misc{wikiVers,
  title = {Wikipedia Versionsverwaltung},
  url = {https://de.wikipedia.org/wiki/Versionsverwaltung}
}

@misc{wikiModGetrSoft,
  title = {Wikipedia modellgetriebene Software-Entwicklung},
  url = {https://de.wikipedia.org/wiki/Modellgetriebene_Softwareentwicklung}
}

@misc{wikiKontIntegr,
  title = {Wikipedia Kontinuierliche Integration},
  url = {https://de.wikipedia.org/wiki/Kontinuierliche_Integration}
}

@misc{jgit,
  title = {JGit-Plugin},
  url = {https://www.eclipse.org/jgit/}
}

@misc{git,
  title = {Git},
  url = {https://git-scm.com/}
}

@misc{jamopp,
  title = {JaMoPP Java Model Parser and Printer},
  url = {https://www.jamopp.org/}
}

@misc{emf,
  title = {Eclipse Modeling Framework (EMF)},
  url = {https://www.eclipse.org/modeling/emf/}
}

@misc{eclipse,
  title = {Eclipse Foundation},
  url = {https://www.eclipse.org/}
}

@misc{wikiProduktlinie,
  title = {Software-Produktlinie},
  url = {https://de.wikipedia.org/wiki/Produktlinie_(Software)}
}

@misc{splevo,
  title = {SPLevo Software Product Line evolution},
  url = {https://sdqweb.ipd.kit.edu/wiki/SPLevo}
}

@misc{emfcompare,
  title = {EMF Compare},
  url = {https://www.eclipse.org/emf/compare/}
}


@inproceedings{gumtree,
  author    = {Jean{-}R{\'{e}}my Falleri and
               Flor{\'{e}}al Morandat and
               Xavier Blanc and
               Matias Martinez and
               Martin Monperrus},
  title     = {Fine-grained and accurate source code differencing},
  booktitle = {{ACM/IEEE} International Conference on Automated Software Engineering,
               {ASE} '14, Vasteras, Sweden - September 15 - 19, 2014},
  pages     = {313--324},
  year      = {2014},
  url       = {http://doi.acm.org/10.1145/2642937.2642982},
  doi       = {10.1145/2642937.2642982}
}


@mastersthesis{dahmane2019,
  author = {Noureddine Dahmane},
  title = {Adaptive Monitoring for Continuous Performance Model Integration},
  year = {2019},
  school = {Karlsruher Institut für Technologie}
}


@phdthesis{burger2014,
  author = {Erik Burger},
  title = {Flexible Views for View-based Model-driven Development},
  year = {2014},
  school = {Karlsruher Institut für Technologie}
}

@misc{changereplay,
  title = {Changereplay Tool},
  url = {https://sdqweb.ipd.kit.edu/wiki/Changereplay}
}

@misc{somox,
  title = {SoMoX Software Model Extractor},
  url = {https://sdqweb.ipd.kit.edu/wiki/SoMoX}
}

@misc{wikiRevEng,
  title = {Wikipedia Reverse Engineering},
  url = {https://de.wikipedia.org/wiki/Reverse_Engineering}
}


@book{jamoppDoc,
  author = {Florian Heidenreich, Jendrik Johannes, Mirko Seifert, Christian Wende},
  title = {Technische Berichte JaMoPP: The Java Model Parser and Printer},
  year = {2009},
  url = {https://github.com/DevBoost/JaMoPP/blob/master/Doc/org.emftext.language.java.doc/publications/2009_JaMoPP_The_Java_Model_Parser_and_Printer.pdf}
}

@article{mazkatli2020,
  author = {Manar Mazkatli and David Monschein and Johannes Grohmann and Anne Koziolek},
  title = {Incremental Calibration of Architectural Performance Models with Parametric Dependencies},
  year = {2020},
  publisher = {unknown},
}







